@misc{tilelang2025,
  title         = {TileLang: A Composable Tiled Programming Model for AI Systems},
  author        = {Lei Wang and Yu Cheng and Yining Shi and Zhengju Tang and Zhiwen Mo and Wenhao Xie and Lingxiao Ma and Yuqing Xia and Jilong Xue and Fan Yang and Zhi Yang},
  year          = {2025},
  eprint        = {2504.17577},
  archiveprefix = {arXiv},
  primaryclass  = {cs.LG},
  url           = {https://arxiv.org/abs/2504.17577}
}

@misc{sakana2024,
  title  = {AI CUDA Engineer: Agentic CUDA Kernel Discovery, Optimization and Composition},
  author = {Robert Tjarko Lange and Aaditya Prasad and Qi Sun and Maxence Faldor and Yujin Tang and David Ha},
  year   = {2025},
  url    = {https://pub.sakana.ai/static/paper.pdf}
}

@misc{dspy2023,
  title         = {DSPy: Compiling Declarative Language Model Calls into Self-Improving Pipelines},
  author        = {Omar Khattab and Arnav Singhvi and Paridhi Maheshwari and Zhiyuan Zhang and Keshav Santhanam and Sri Vardhamanan and Saiful Haq and Ashutosh Sharma and Thomas T. Joshi and Hanna Moazam and Heather Miller and Matei Zaharia and Christopher Potts},
  year          = {2023},
  eprint        = {2310.03714},
  archiveprefix = {arXiv},
  primaryclass  = {cs.CL},
  url           = {https://arxiv.org/abs/2310.03714}
}

@misc{ouyang2025kernelbenchllmswriteefficient,
  title         = {KernelBench: Can LLMs Write Efficient GPU Kernels?},
  author        = {Anne Ouyang and Simon Guo and Simran Arora and Alex L. Zhang and William Hu and Christopher RÃ© and Azalia Mirhoseini},
  year          = {2025},
  eprint        = {2502.10517},
  archiveprefix = {arXiv},
  primaryclass  = {cs.LG},
  url           = {https://arxiv.org/abs/2502.10517}
}

@misc{kernelsseum2024,
  title  = {Kernelsseum: KernelBench Top Solutions Per Problem},
  author = {Stanford Scaling Intelligence Lab},
  year   = {2024},
  url    = {https://scalingintelligence.stanford.edu/KernelBenchLeaderboard/}
}

@misc{ethayarajh2024ktomodelalignmentprospect,
      title={KTO: Model Alignment as Prospect Theoretic Optimization}, 
      author={Kawin Ethayarajh and Winnie Xu and Niklas Muennighoff and Dan Jurafsky and Douwe Kiela},
      year={2024},
      eprint={2402.01306},
      archivePrefix={arXiv},
      primaryClass={cs.LG},
      url={https://arxiv.org/abs/2402.01306}, 
}
